@inproceedings {yenpure2019efficient,
booktitle = {Eurographics Symposium on Parallel Graphics and Visualization},
editor = {Childs, Hank and Frey, Steffen},
title = {{Efficient Point Merging Using Data Parallel Techniques}},
author = {Yenpure, Abhishek and Childs, Hank and Moreland, Kenneth},
year = {2019},
publisher = {The Eurographics Association},
ISSN = {1727-348X},
ISBN = {978-3-03868-079-6},
DOI = {10.2312/pgv.20191112}
}

@inproceedings {pugmire2018perf,
booktitle = {Eurographics Symposium on Parallel Graphics and Visualization},
editor = {Hank Childs and Fernando Cucchietti},
title = {{Performance-Portable Particle Advection with VTK-m}},
author = {Pugmire, David and Yenpure, Abhishek and Kim, Mark and Kress, James and Maynard, Robert and Childs, Hank and Hentschel, Bernd},
year = {2018},
publisher = {The Eurographics Association},
ISSN = {1727-348X},
ISBN = {978-3-03868-054-3},
DOI = {10.2312/pgv.20181094}
}


